<?xml version="1.0" encoding="UTF-8"?>
<collection xmlns:xsi="http://www.w3.org/2001/XMLSchema-instance" xsi:schemaLocation="http://www.loc.gov/MARC21/slim http://www.loc.gov/standards/marcxml/schema/MARC21slim.xsd" xmlns="http://www.loc.gov/MARC21/slim">
<record>
  <leader>01020cam a2200253 a 4500</leader>
  <controlfield tag="001">2957144</controlfield>
  <controlfield tag="003">NNC</controlfield>
  <controlfield tag="005">20121018050231.0</controlfield>
  <controlfield tag="008">850228s1930    ua            000 0 araod</controlfield>
  <datafield tag="035" ind1=" " ind2=" ">
    <subfield code="a">(OCoLC)ocm11749596</subfield>
  </datafield>
  <datafield tag="035" ind1=" " ind2=" ">
    <subfield code="9">ASK2214CU</subfield>
  </datafield>
  <datafield tag="035" ind1=" " ind2=" ">
    <subfield code="a">(NNC)2957144</subfield>
  </datafield>
  <datafield tag="040" ind1=" " ind2=" ">
    <subfield code="a">WAU</subfield>
    <subfield code="c">WAU</subfield>
    <subfield code="d">WAU</subfield>
    <subfield code="d">ZCU</subfield>
  </datafield>
  <datafield tag="090" ind1=" " ind2=" ">
    <subfield code="a">BP135</subfield>
    <subfield code="b">.I25</subfield>
  </datafield>
  <datafield tag="100" ind1="1" ind2=" ">
    <subfield code="a">Ibn Abī al-Dunyā, ʻAbd Allāh ibn Muḥammad,</subfield>
    <subfield code="d">823-894.</subfield>
  </datafield>
  <datafield tag="240" ind1="1" ind2="0">
    <subfield code="a">Shukr</subfield>
  </datafield>
  <datafield tag="245" ind1="1" ind2="0">
    <subfield code="a">Kitāb al-shukr /</subfield>
    <subfield code="c">taʾlīf Abī Bakr ʻAbd Allāh ibn Muḥammad ibn ʻUbayd al-Qurashī ibn Abī al-Dunyā ; ʻuniya bi-nashrih Muḥammad Aḥmad Ramaḍān al-Madanī al-Kutubī.</subfield>
  </datafield>
  <datafield tag="250" ind1=" " ind2=" ">
    <subfield code="a">al-Ṭabʻah 1.</subfield>
  </datafield>
  <datafield tag="260" ind1=" " ind2=" ">
    <subfield code="a">al-Qāhirah :</subfield>
    <subfield code="b">Maṭbaʻat al-Manār bi-Miṣr,</subfield>
    <subfield code="c">1349 [1930 or 1931]</subfield>
  </datafield>
  <datafield tag="300" ind1=" " ind2=" ">
    <subfield code="a">42 p. ;</subfield>
    <subfield code="c">24 cm.</subfield>
  </datafield>
  <datafield tag="650" ind1=" " ind2="0">
    <subfield code="a">Hadith.</subfield>
  </datafield>
  <datafield tag="700" ind1="1" ind2="2">
    <subfield code="a">Ibn Abī al-Dunyā, ʻAbd Allāh ibn Muḥammad,</subfield>
    <subfield code="d">823-894.</subfield>
    <subfield code="t">Man ʻāsha baʻd al-mawt.</subfield>
  </datafield>
  <datafield tag="700" ind1="1" ind2="2">
    <subfield code="a">Ibn Abī al-Dunyā, ʻAbd Allāh ibn Muḥammad,</subfield>
    <subfield code="d">823-894.</subfield>
    <subfield code="t">Majmūʻat rasāʼil.</subfield>
  </datafield>
  <datafield tag="955" ind1=" " ind2=" ">
    <subfield code="b">CU55313930</subfield>
    <subfield code="d">off,glx</subfield>
    <subfield code="e">BP135 .I25</subfield>
  </datafield>
</record>
</collection>